<?xml version="1.0" encoding="UTF-8" ?><marc:collection xmlns:marc="http://www.loc.gov/MARC21/slim" xmlns:xsi="http://www.w3.org/2001/XMLSchema-instance" xsi:schemaLocation="http://www.loc.gov/MARC21/slim http://www.loc.gov/standards/marcxml/schema/MARC21slim.xsd">
<marc:record><marc:leader>03323cam a2200505Ia 4500</marc:leader>
<marc:controlfield tag="001">b12670212</marc:controlfield>
<marc:controlfield tag="003">UaCaAUL</marc:controlfield><marc:controlfield tag="005">20150930121652.0</marc:controlfield><marc:controlfield tag="008">150930s1887    ua            000 0 arard</marc:controlfield><marc:datafield tag="035" ind1=" " ind2=" "><marc:subfield code="a">(OCoLC)44853876</marc:subfield></marc:datafield><marc:datafield tag="040" ind1=" " ind2=" "><marc:subfield code="a">IUL</marc:subfield><marc:subfield code="b">eng</marc:subfield><marc:subfield code="c">IUL</marc:subfield><marc:subfield code="d">OCL</marc:subfield><marc:subfield code="d">OCLCQ</marc:subfield><marc:subfield code="d">IUL</marc:subfield><marc:subfield code="d">OCLCA</marc:subfield><marc:subfield code="d">OCLCQ</marc:subfield><marc:subfield code="d">OCLCO</marc:subfield><marc:subfield code="d">MEAUC</marc:subfield></marc:datafield><marc:datafield tag="049" ind1=" " ind2=" "><marc:subfield code="a">MAIN</marc:subfield></marc:datafield><marc:datafield tag="050" ind1=" " ind2="4"><marc:subfield code="a">PJ7755.T8</marc:subfield><marc:subfield code="b">L337 1887</marc:subfield></marc:datafield><marc:datafield tag="066" ind1=" " ind2=" "><marc:subfield code="c">(3</marc:subfield></marc:datafield><marc:datafield tag="090" ind1=" " ind2=" "><marc:subfield code="a">PJ7755.T8</marc:subfield><marc:subfield code="b">L337 1887</marc:subfield></marc:datafield><marc:datafield tag="100" ind1="1" ind2=" "><marc:subfield code="6">880-01</marc:subfield><marc:subfield code="a">Ṣafadī, Khalīl ibn Aybak,</marc:subfield><marc:subfield code="d">approximately 1297-1363.</marc:subfield></marc:datafield><marc:datafield tag="240" ind1="1" ind2="0"><marc:subfield code="6">880-02</marc:subfield><marc:subfield code="a">Ghayth al-musjam fī sharḥ Lāmiyat al-ʻajam.</marc:subfield></marc:datafield><marc:datafield tag="245" ind1="1" ind2="0"><marc:subfield code="6">880-03</marc:subfield><marc:subfield code="a">Kitāb al-ghayth al-musjam fī sharḥ Lāmiyat al-ʻajam /</marc:subfield><marc:subfield code="c">li-Ṣalāḥ al-Dīn Khalīl ibn Aybak al-Ṣafadī. Wa-bi-hāmishihi Kitāb sarḥ al-ʻuyūn sharḥ Risālat Ibn Zaydūn / li-Jamāl al-Dīn Muḥammad ibn Nubātah al-Miṣrī.</marc:subfield></marc:datafield><marc:datafield tag="250" ind1=" " ind2=" "><marc:subfield code="6">880-04</marc:subfield><marc:subfield code="a">al-Ṭabʻah al-ūlá.</marc:subfield></marc:datafield><marc:datafield tag="260" ind1=" " ind2=" "><marc:subfield code="6">880-05</marc:subfield><marc:subfield code="a">[Cairo?] :</marc:subfield><marc:subfield code="b">al-Maṭbaʻah al-Azharīyah al-Miṣrīyah,</marc:subfield><marc:subfield code="c">1305 [1887 or 88]</marc:subfield></marc:datafield><marc:datafield tag="300" ind1=" " ind2=" "><marc:subfield code="a">2 volumes ;</marc:subfield><marc:subfield code="c">28 cm.</marc:subfield></marc:datafield><marc:datafield tag="336" ind1=" " ind2=" "><marc:subfield code="a">text</marc:subfield><marc:subfield code="b">txt</marc:subfield><marc:subfield code="2">rdacontent.</marc:subfield></marc:datafield><marc:datafield tag="337" ind1=" " ind2=" "><marc:subfield code="a">unmediated</marc:subfield><marc:subfield code="b">n</marc:subfield><marc:subfield code="2">rdamedia.</marc:subfield></marc:datafield><marc:datafield tag="338" ind1=" " ind2=" "><marc:subfield code="a">volume</marc:subfield><marc:subfield code="b">nc</marc:subfield><marc:subfield code="2">rdacarrier.</marc:subfield></marc:datafield><marc:datafield tag="650" ind1=" " ind2="0"><marc:subfield code="a">Arabic poetry</marc:subfield><marc:subfield code="x">History and criticism</marc:subfield><marc:subfield code="y">Early works to 1800.</marc:subfield></marc:datafield><marc:datafield tag="600" ind1="1" ind2="0"><marc:subfield code="6">880-06</marc:subfield><marc:subfield code="a">Ṭughrāʼī, al-Ḥusayn ibn ʻAlī,</marc:subfield><marc:subfield code="d">1061 or 1062-1121?</marc:subfield><marc:subfield code="t">Lāmiyat al-ʻajam.</marc:subfield></marc:datafield><marc:datafield tag="600" ind1="1" ind2="0"><marc:subfield code="6">880-07</marc:subfield><marc:subfield code="a">Ibn Zaydūn, Aḥmad ibn ʻAbd Allāh,</marc:subfield><marc:subfield code="d">1003 or 1004-1071.</marc:subfield><marc:subfield code="t">Risālah al-hazalīyah.</marc:subfield></marc:datafield><marc:datafield tag="650" ind1=" " ind2="0"><marc:subfield code="a">Arabic poetry</marc:subfield><marc:subfield code="x">History and criticism</marc:subfield><marc:subfield code="v">Early works to 1800.</marc:subfield></marc:datafield><marc:datafield tag="700" ind1="1" ind2="2"><marc:subfield code="6">880-08</marc:subfield><marc:subfield code="a">Ibn Nubātah, Muḥammad ibn Muḥammad,</marc:subfield><marc:subfield code="d">1287-1366.</marc:subfield><marc:subfield code="t">Sarḥ al-ʻuyūn sharḥ Risālat Ibn Zaydūn.</marc:subfield></marc:datafield><marc:datafield tag="700" ind1="1" ind2="2"><marc:subfield code="6">880-09</marc:subfield><marc:subfield code="a">Ṭughrāʼī, al-Ḥusayn ibn ʻAlī,</marc:subfield><marc:subfield code="d">1061 or 1062-1121?</marc:subfield><marc:subfield code="t">Lāmiyat al-ʻajam.</marc:subfield></marc:datafield><marc:datafield tag="700" ind1="1" ind2="2"><marc:subfield code="6">880-10</marc:subfield><marc:subfield code="a">Ibn Zaydūn, Aḥmad ibn ʻAbd Allāh,</marc:subfield><marc:subfield code="d">1003 or 1004-1071.</marc:subfield><marc:subfield code="t">Risālah al-hazalīyah.</marc:subfield></marc:datafield><marc:datafield tag="880" ind1="1" ind2=" "><marc:subfield code="6">100-01/(3/r</marc:subfield><marc:subfield code="a">صفدي، خليل بن ايبك،،‪</marc:subfield><marc:subfield code="d">approximately 1297-1363.</marc:subfield></marc:datafield><marc:datafield tag="880" ind1="1" ind2="0"><marc:subfield code="6">240-02/(3/r</marc:subfield><marc:subfield code="a">غيث المسجم في شرح لامية العجم.</marc:subfield></marc:datafield><marc:datafield tag="880" ind1="1" ind2="0"><marc:subfield code="6">245-03/(3/r</marc:subfield><marc:subfield code="a">كتاب الغيث المسجم في شرح لامية العجم /‪</marc:subfield><marc:subfield code="c">لصلاح الدين خليل بن أيبك الصفدي. وبهامشه كتاب سرح العيون شرح رسالة ابن زيدون / لجمال الدين محمد بن نباتة المصري..</marc:subfield></marc:datafield><marc:datafield tag="880" ind1=" " ind2=" "><marc:subfield code="6">250-04/(3/r</marc:subfield><marc:subfield code="a">الطبعة الاولى..</marc:subfield></marc:datafield><marc:datafield tag="880" ind1=" " ind2=" "><marc:subfield code="6">260-05/(3/r</marc:subfield><marc:subfield code="a">[القاهره؟] :‪</marc:subfield><marc:subfield code="b">المطبعة الازهرية المصرية،‪</marc:subfield><marc:subfield code="c">1305 [1887 or 88]</marc:subfield></marc:datafield><marc:datafield tag="880" ind1="1" ind2="4"><marc:subfield code="6">600-06/(3/r</marc:subfield><marc:subfield code="a">طغرائي، الحسين بن علي،،‪</marc:subfield><marc:subfield code="d">1061 or 1062-1121?</marc:subfield><marc:subfield code="t">لامية العجم..</marc:subfield></marc:datafield><marc:datafield tag="880" ind1="1" ind2="4"><marc:subfield code="6">600-07/(3/r</marc:subfield><marc:subfield code="a">ابن زيدون، احمد بن عبد الله،،‪</marc:subfield><marc:subfield code="d">1003 or 1004-1071.</marc:subfield><marc:subfield code="t">رسالة الهزلية..</marc:subfield></marc:datafield><marc:datafield tag="880" ind1="1" ind2="2"><marc:subfield code="6">700-08/(3/r</marc:subfield><marc:subfield code="a">ابن نباتة، محمد بن محمد،،‪</marc:subfield><marc:subfield code="d">1287-1366.</marc:subfield><marc:subfield code="t">سرح العيون  شرح رسالة ابن زيدون.</marc:subfield></marc:datafield><marc:datafield tag="880" ind1="1" ind2="2"><marc:subfield code="6">700-09/(3/r</marc:subfield><marc:subfield code="a">طغرائي، الحسين بن علي،،‪</marc:subfield><marc:subfield code="d">1061 or 1062-1121?</marc:subfield><marc:subfield code="t">لامية العجم..</marc:subfield></marc:datafield><marc:datafield tag="880" ind1="1" ind2="2"><marc:subfield code="6">700-10/(3/r</marc:subfield><marc:subfield code="a">ابن زيدون، احمد بن عبد الله،،‪</marc:subfield><marc:subfield code="d">1003 or 1004-1071.</marc:subfield><marc:subfield code="t">رسالة الهزلية..</marc:subfield></marc:datafield><marc:datafield tag="907" ind1=" " ind2=" "><marc:subfield code="a">.b12670212</marc:subfield><marc:subfield code="b">spcl </marc:subfield></marc:datafield><marc:datafield tag="902" ind1=" " ind2=" "><marc:subfield code="a">170906</marc:subfield></marc:datafield><marc:datafield tag="998" ind1=" " ind2=" "><marc:subfield code="b">2</marc:subfield><marc:subfield code="c">010617</marc:subfield><marc:subfield code="d">m</marc:subfield><marc:subfield code="e">a</marc:subfield><marc:subfield code="f">i</marc:subfield><marc:subfield code="g">0</marc:subfield><marc:subfield code="k">AH</marc:subfield><marc:subfield code="k">HE</marc:subfield></marc:datafield><marc:datafield tag="945" ind1=" " ind2=" "><marc:subfield code="l">scomp</marc:subfield><marc:subfield code="u">v.v.1</marc:subfield></marc:datafield></marc:record>
</marc:collection>
